@book{okasaki-1999-purely,
  title       = {Purely functional data structures},
  author      = {Chris Okasaki},
  year        = {1999},
  publisher   = {Cambridge University Press}
}

@article{haskell-98,
  title       = {Haskell 98 â€” A Non-strict, Purely Functional Language},
  author      = {Simon Peyton Jones and John Hughes and Lennart Augustsson
  and Dave Barton and Brian Boutel and Warren Burton and Simon Fraser and
  Joseph Fasel and Kevin Hammond and Ralf Hinze and others},
  year        = {1999},
}

@book{hammond-2012-parallel,
  title       = {Research directions in parallel functional programming},
  author      = {Kevin Hammond and Greg Michaelson},
  year        = {2012},
  publisher   = {Springer Science \& Business Media}
}

@article{scala,
  title       = {An overview of the Scala programming language},
  author      = {Martin Odersky and Philippe Altherr and Vincent Cremet and
  Burak Emir and Sebastian Maneth and  St{\'e}phane Micheloud and Nilolay
  Mihaylov and Michel Schinz and Erik Stenman and Matthias Zenger},
  year        = {2004}
}

@article{elm,
  title       = {Elm: Concurrent Functional Reactive Programming for
  Functional GUIs},
  author      = {Evan Czaplicki},
  journal     = {Senior thesis, Harvard University},
  year        = {2012}
}

@book{java8,
  title       = {Java 8 in Action: Lambdas, Streams, and functional-style
  programming},
  author      = {Raoul-Gabriel Urma and Mario Fusco and Alan Mycroft},
  year        = {2014},
  publisher   = {Manning Publications Co.}
}

@article{cpp-lambdas,
  title       = {C++ lambda expressions and closures},
  author      = {Jaakko J{\"a}rvi and John Freeman},
  journal     = {Science of Computer Programming},
  volume      = {75},
  number      = {9},
  pages       = {762--772},
  year        = {2010},
  publisher   = {Elsevier}
}

@inproceedings{cpp-high-level,
  title       = {Generic libraries in C++ with concepts from High-Level
  domain descriptions in Haskell},
  author      = {Daniel Lincke and Patrik Jansson and Marcin Zalewski and
  Cezar Ionescu},
  booktitle   = {Domain-Specific Languages},
  pages       = {236--261},
  year        = {2009},
  organization= {Springer}
}

@inproceedings{python-mrs,
  title       = {MRS: MapReduce for scientific computing in Python},
  author      = {Andrew McNabb and Jeffrey Lund and Kevin Seppi},
  booktitle   = {High Performance Computing, Networking, Storage and Analysis
  (SCC), 2012 SC Companion:},
  pages       = {600--608},
  year        = {2012},
  organization={IEEE}
}

@article{ford-2013-ibm,
  title       = {Why functional programming is on the rise},
  author      = {Neal Ford},
  journal     = {IBM developerWorks},
  year        = {2013},
  publisher   = {IBM}
}